<?xml version="1.0" encoding="UTF-8"?><collection xmlns="http://www.loc.gov/MARC21/slim"><record><leader>00541nam--2200157-i-4500</leader><controlfield tag="001">000010165</controlfield><controlfield tag="002">20161230</controlfield><controlfield tag="005">20170211150600</controlfield><controlfield tag="008">060222s1000------------r-----000-0-eng-d</controlfield><datafield ind1=" " ind2=" " tag="100"><subfield code="a">Davidoviciu, Adrian A</subfield></datafield><datafield ind1=" " ind2=" " tag="245"><subfield code="a">Studiul algoritmelor de stabilire a ordinei de executie a programelor in cadrul sistemelor de calcul cu acces multiplu si cu divizarea timpului</subfield></datafield><datafield ind1=" " ind2=" " tag="260"><subfield code="a">Bucuresti</subfield><subfield code="b">Facultatea De Automatica</subfield><subfield code="c">1972</subfield></datafield><datafield ind1=" " ind2=" " tag="300"><subfield code="a">57 p</subfield></datafield><datafield ind1=" " ind2=" " tag="490"><subfield code="a">Autoreferatul Lucrarii De Doctorat</subfield></datafield><datafield ind1=" " ind2=" " tag="852"><subfield code="a">015:681.3</subfield></datafield><datafield ind1=" " ind2=" " tag="CAT"><subfield code="a">SYS</subfield><subfield code="c">20170211</subfield><subfield code="h">150600</subfield></datafield></record></collection>